@book{géron2022hands,
  title={Hands-On Machine Learning with Scikit-Learn, Keras, and TensorFlow},
  author={G{\'e}ron, A.},
  chapter={16},
  isbn={9781098122461},
  url={https://books.google.com.mx/books?id=X5ySEAAAQBAJ},
  year={2022},
  publisher={O'Reilly Media}
}

@book{tunstall2022natural,
  title={Natural Language Processing with Transformers},
  author={Tunstall, L. and von Werra, L. and Wolf, T.},
  isbn={9781098103194},
  url={https://books.google.com.mx/books?id=nTxbEAAAQBAJ},
  year={2022},
  publisher={O'Reilly Media}
}

@book{müller2016introduction,
  title={Introduction to Machine Learning with Python: A Guide for Data Scientists},
  author={M{\"u}ller, A.C. and Guido, S.},
  chapter={7},
  isbn={9781449369903},
  url={https://books.google.com.mx/books?id=1-4lDQAAQBAJ},
  year={2016},
  publisher={O'Reilly Media}
}

@book{bird2009natural,
  title={Natural Language Processing with Python: Analyzing Text with the Natural Language Toolkit},
  author={Bird, S. and Klein, E. and Loper, E.},
  isbn={9780596555719},
  lccn={2010455716},
  url={https://books.google.com.mx/books?id=KGIbfiiP1i4C},
  year={2009},
  publisher={O'Reilly Media}
}